@Online{Ref1,
	author    = {Cambridge Dictionary},
	title     = {Access control},
	year      = {2025},
	note      = {[Online]. Available: \url{https://dictionary.cambridge.org/dictionary/english/access-control} [Accessed: Apr. 10, 2025]}
}

@Article{Ref2,
	author    = {M. A. Ferrag and L. Maglaras and A. Derhab and S. Mukherjee and H. Janicke},
	title     = {Authentication Protocols for Internet of Things: A Comprehensive Survey},
	journal   = {IEEE Communications Surveys \& Tutorials},
	volume    = {21},
	number    = {2},
	pages     = {1608--1633},
	year      = {2019},
	doi       = {10.1109/COMST.2018.2884881}
}

@Online{Ref3,
	author    = {Verified Market Reports},
	title     = {Smart NFC Access Control System Market},
	year      = {2025},
	note      = {[Online]. Available: \url{https://www.verifiedmarketreports.com/es/product/smart-nfc-access-control-system-market/} [Accessed: Apr. 21, 2025]}
}

@Online{Ref4,
	author    = {HID Global},
	title     = {Powering Trusted Identities of the World’s People, Places and Things},
	year      = {2025},
	note      = {[Online]. Available: \url{https://www.hidglobal.com/} [Accessed: Apr. 14, 2025]}
}

@Online{Ref5,
	author    = {Suprema},
	title     = {Security \& Biometrics},
	year      = {2025},
	note      = {[Online]. Available: \url{https://www.supremainc.com/en/} [Accessed: Apr. 14, 2025]}
}

@Online{Ref6,
	author    = {Honeywell},
	title     = {Home},
	year      = {2025},
	note      = {[Online]. Available: \url{https://www.honeywell.com/us/en} [Accessed: Apr. 14, 2025]}
}

@Online{Ref7,
	author    = {EMACS},
	title     = {Detalle de Tecnología Seos™ y Comparativa con MIFARE® DESFIRE™ EV1},
	year      = {2015},
	note      = {[Online]. Available: \url{https://www.emacs.es/downloads/WP/INTERNO_Informe_EMACS_20150515v10_-_Detalle_SEOS_y_Comprativa_con_DESFire_EV1.pdf} [Accessed: Apr. 10, 2025]}
}

@Online{Ref8,
	author    = {A. Ismailov},
	title     = {Study of Arduino Microcontroller Board},
	year      = {2022},
	note      = {[Online]. Available: \url{https://www.researchgate.net/publication/359502443_Study_of_arduino_microcontroller_board} [Accessed: May 19, 2025]}
}

@Online{Ref9,
	author    = {Arduino},
	title     = {Arduino Uno Rev3},
	year      = {2025},
	note      = {[Online]. Available: \url{https://docs.arduino.cc/hardware/uno-rev3/} [Accessed: May 19, 2025]}
}

@Online{Ref10,
	author    = {Arduino},
	title     = {Arduino Software},
	year      = {2025},
	note      = {[Online]. Available: \url{https://docs.arduino.cc/software/} [Accessed: May 19, 2025]}
}

@Article{Ref11,
	author    = {M. A. Ferrag and L. Maglaras and H. Janicke and J. Jiang and L. Shu},
	title     = {A systematic review of data protection and privacy preservation schemes for smart grid communications},
	journal   = {IEEE Communications Surveys \& Tutorials},
	volume    = {19},
	number    = {1},
	pages     = {398--422},
	year      = {2017},
	doi       = {10.1109/COMST.2016.2599520}
}

@Online{Ref12,
	author    = {R. Ratnadewi and I. Riadi and L. A. Nugroho},
	title     = {Implementation and Performance Analysis of AES-128 Cryptography Method in an NFC-Based Communication System},
	year      = {2017},
	note      = {[Online]. Available: \url{https://www.researchgate.net/publication/318528672_Implementation_and_performance_analysis_of_AES-128_cryptography_method_in_an_NFC-based_communication_system} [Accessed: May 19, 2025]}
}

@Online{Ref13,
	author    = {PassNinja},
	title     = {How to Make a Pass Scan as Static UID},
	year      = {2025},
	note      = {[Online]. Available: \url{https://www.passninja.com/tutorials/nfc-protocols/how-to-make-a-pass-scan-as-static-uid} [Accessed: May 19, 2025]}
}

@Online{Ref14,
	author    = {Rincón Ingenieril},
	title     = {¿Cómo usar una protoboard?},
	year      = {2025},
	note      = {[Online]. Available: \url{https://www.rinconingenieril.es/usar-una-protoboard/} [Accessed: May 19, 2025]}
}

@Article{Ref15,
	author    = {S. A. Dewanto and M. Munir and B. Wulandari and K. Alfian},
	title     = {MFRC522 RFID technology implementation for conventional merchant with cashless payment system},
	journal   = {Journal of Physics: Conference Series},
	volume    = {1737},
	number    = {1},
	pages     = {012012},
	year      = {2021},
	doi       = {10.1088/1742-6596/1737/1/012012}
}

@Article{Ref16,
	author    = {F. Leens},
	title     = {An introduction to I2C and SPI protocols},
	journal   = {IEEE Instrumentation \& Measurement Magazine},
	volume    = {12},
	number    = {1},
	pages     = {8--13},
	year      = {2009},
	doi       = {10.1109/MIM.2009.4762946}
}

@Article{Ref17,
	author    = {T. A. A. Nazri and N. M. Saad and A. A. Zaidel and S. K. Syed-Yusof and N. A. M. Radzi},
	title     = {Smart Access Control System Using Face Recognition, NFC and OTP},
	journal   = {IEEE Access},
	volume    = {11},
	pages     = {28838--28851},
	year      = {2023},
	doi       = {10.1109/ACCESS.2023.3255519}
}

@Article{Ref18,
	author    = {E. Peña and M. G. Legaspi},
	title     = {UART: A hardware communication protocol – Understanding Universal Asynchronous Receiver/Transmitter},
	journal   = {Visit Analog},
	volume    = {54},
	number    = {4},
	pages     = {1--5},
	year      = {2020}
}

@Online{Ref19,
	author    = {Mozilla Contributors},
	title     = {Server-side website programming: Django introduction},
	year      = {2025},
	note      = {[Online]. Available: \url{https://developer.mozilla.org/en-US/docs/Learn_web_development/Extensions/Server-side/Django/Introduction} [Accessed: May 20, 2025]}
}

@Online{Ref20,
	author    = {Django Software Foundation},
	title     = {Django Documentation (version 5.1)},
	year      = {2025},
	note      = {[Online]. Available: \url{https://docs.djangoproject.com/en/5.1/} [Accessed: May 20, 2025]}
}



@Article{Ref21,
	author    = {N. A. Azeez and O. J. Chinazo},
	title     = {Achieving data authentication with HMAC-SHA256 algorithm},
	journal   = {Computer Science \& Telecommunications},
	volume    = {54},
	number    = {2},
	pages     = {34--43},
	year      = {2018},
	note      = {[Online]. Available: \url{https://www.researchgate.net/publication/332182220}}
}

@InCollection{Ref22,
	author    = {M. Sommerhalder},
	title     = {Hardware security module},
	booktitle = {Trends in Data Protection and Encryption Technologies},
	pages     = {83--87},
	year      = {2023}
}

@TechReport{Ref23,
	author    = {{International Organization for Standardization}},
	title     = {ISO/IEC 14443 - Cards and security devices for personal identification — Contactless proximity objects — Parts 1 to 4},
	institution = {ISO},
	year      = {2023},
	note      = {[Online]. Available: \url{https://www.iso.org/standard/73596.html}}
}

@TechReport{Ref24,
	author    = {{International Organization for Standardization}},
	title     = {ISO/IEC 7816-4:2020 - Identification cards — Integrated circuit cards — Part 4: Organization, security and commands for interchange},
	institution = {ISO},
	year      = {2020},
	note      = {[Online]. Available: \url{https://www.iso.org/obp/ui/#iso:std:iso-iec:7816:-4:ed-4:v1:en}}
}

@TechReport{Ref25,
	author    = {{International Organization for Standardization}},
	title     = {ISO/IEC 7810:2019 - Identification cards — Physical characteristics},
	institution = {ISO},
	year      = {2019},
	note      = {[Online]. Available: \url{https://www.iso.org/obp/ui/#iso:std:iso-iec:7810:ed-4:v1:en}}
}

@Misc{Ref26,
	author    = {Obsttube},
	title     = {MFRC522\_NTAG424DNA – Arduino library for NTAG 424 DNA tags},
	year      = {2025},
	note      = {[Online]. Available: \url{https://github.com/Obsttube/MFRC522_NTAG424DNA} [Accessed: May 21, 2025]}
}

@Misc{Ref27,
	author    = {bitcoin-ring},
	title     = {Adafruit-PN532-NTAG424},
	year      = {2024},
	note      = {[Online]. Available: \url{https://github.com/bitcoin-ring/Adafruit-PN532-NTAG424} [Accessed: May 24, 2025]}
}

@Article{Ref28,
	author    = {E. Raso and G. M. Bianco and L. Bracciale and G. Marrocco and C. Occhiuzzi and P. Loreti},
	title     = {Privacy-Aware Architectures for NFC and RFID Sensors in Healthcare Applications},
	journal   = {Sensors},
	volume    = {22},
	number    = {24},
	pages     = {9692},
	year      = {2022},
	doi       = {10.3390/s22249692}
}

@TechReport{Ref29,
	author    = {{NXP Semiconductors}},
	title     = {NT4H2421Gx: NTAG 424 DNA – Secure NFC T4T compliant IC},
	institution = {NXP},
	year      = {2019},
	note      = {[Online]. Available: \url{https://www.nxp.com/docs/en/data-sheet/NT4H2421Gx.pdf} [Accessed: May 24, 2025]}
}

@Book{Ref30,
	author    = {R. A. Grimes},
	title     = {Hacking Multifactor Authentication},
	publisher = {Wiley},
	address   = {Hoboken, NJ, USA},
	year      = {2020}
}

@TechReport{Ref31,
	author    = {{EMACS Seguridad S.L.}},
	title     = {Detalle de SEOS y Comparativa con MIFARE DESFire EV1, Informe Técnico Interno, v1.0},
	year      = {2015},
	note      = {[Online]. Available: \url{https://www.emacs.es/downloads/WP/INTERNO_Informe_EMACS_20150515v10_-_Detalle_SEOS_y_Comprativa_con_DESFire_EV1.pdf} [Accessed: May 24, 2025]}
}

@Online{Ref32,
	author    = {{NXP Semiconductors}},
	title     = {NTAG 424 DNA \& NTAG 424 DNA TagTamper – Advanced Security and Privacy for Trusted IoT Applications},
	year      = {2025},
	note      = {[Online]. Available: \url{https://www.nxp.com/products/rfid-nfc/nfc-hf/ntag-for-tags-and-labels/ntag-424-dna-424-dna-tagtamper-advanced-security-and-privacy-for-trusted-iot-applications:NTAG424DNA} [Accessed: May 24, 2025]}
}

@InProceedings{Ref33,
	author    = {K. Saraubon and P. Chinakul and R. Chanpen},
	title     = {Asset Management System using NFC and IoT Technologies},
	booktitle = {Proc. 2019 3rd Int. Conf. on Software and e-Business (ICSEB '19)},
	publisher = {ACM},
	address   = {New York, NY, USA},
	pages     = {124--128},
	year      = {2019},
	doi       = {10.1145/3374549.3374558}
}

@InProceedings{Ref34,
	author    = {M. A. A. Khan and M. H. Ali and A. K. M. F. Haque and F. Sharmin and M. I. Jabiullah},
	title     = {IoT-NFC Controlled Remote Access Security and an Exploration through Machine Learning},
	booktitle = {Proc. 2020 18th Int. Conf. on ICT and Knowledge Engineering (ICT\&KE)},
	address   = {Bangkok, Thailand},
	pages     = {1--10},
	year      = {2020},
	doi       = {10.1109/ICTKE50349.2020.9289881}
}

@InProceedings{Ref35,
	author    = {M. Piñol and M. Barbeito and M. A. Rodríguez and D. González and J. Cabasés},
	title     = {Secure Access Control System Based on NFC and Facial Recognition Technologies},
	booktitle = {2023 IEEE Global Engineering Education Conference (EDUCON)},
	address   = {Kuwait, Kuwait},
	pages     = {1--8},
	year      = {2023},
	doi       = {10.1109/EDUCON56272.2023.10737587}
}

@Article{Ref36,
	author    = {A. Rana and V. Pugaokar and A. Sawant and A. Gore},
	title     = {Cloud Based Employee Attendance Management System Using NFC and Face Recognition},
	journal   = {Int. J. Adv. Res. Ideas Innov. Technol.},
	volume    = {5},
	number    = {2},
	pages     = {988--991},
	year      = {2019}
}

@Thesis{Ref37,
	author    = {A. González González},
	title     = {Seguridad en el protocolo NFC: Estudio de vulnerabilidades y análisis de sus riesgos},
	school    = {Universitat Oberta de Catalunya (UOC)},
	type      = {Trabajo Final de Grado},
	year      = {2017},
	note      = {[Online]. Available: \url{https://openaccess.uoc.edu/handle/10609/60265}}
}

@Book{Ref38,
	author    = {P. R. Baker},
	title     = {Physical Protection Systems. The Complete Guide to Physical Security},
	publisher = {CRC Press},
	address   = {Boca Raton, FL, USA},
	year      = {2012},
	pages     = {110--111},
	note      = {[Online]. Available: \url{https://archive.org/details/the-complete-guide-to-physical-security/page/110/mode/2up}}
}

@Article{Ref39,
	author    = {E. Toochi and O. G. Ibe and U. C. Iwuchukwu and C. J. Uzuegbu},
	title     = {A microcontroller based Intrusion Detection System},
	journal   = {Int. J. Eng. Res. Appl.},
	volume    = {4},
	number    = {11},
	pages     = {69--79},
	year      = {2014}
}

@Online{Ref40,
	author    = {ASSA ABLOY},
	title     = {Exit Buttons – REX Buttons},
	year      = {2025},
	note      = {[Online]. Available: \url{https://www.assaabloy.com/tr/en/products/access-control/wired-solutions/accessories/exit-buttons/rex-buttons} [Accessed: May 24, 2025]}
}

@Online{Ref41,
	author    = {{Bosch Security Systems}},
	title     = {Detectores y sensores especiales},
	year      = {2025},
	note      = {[Online]. Available: \url{https://www.boschsecurity.com/es/es/soluciones/sistemas-de-alarma-de-intrusion/detectores-y-sensores-especiales/} [Accessed: May 24, 2025]}
}

@TechReport{Ref42,
	author    = {{NXP Semiconductors}},
	title     = {NTAG\textregistered~424 DNA and NTAG 424 DNA TagTamper - NFC Forum Type 4 Tag compliant IC with advanced security and privacy features},
	institution = {NXP},
	year      = {2022},
	number    = {Rev. 3.5},
	month     = dec,
	note      = {[Online]. Available: \url{https://www.nxp.com/docs/en/data-sheet/NT4H2421Gx.pdf}}
}

@Article{Ref43,
	author    = {E. Corona and F. E. Pani},
	title     = {A review of lean-kanban approaches in the software development},
	journal   = {WSEAS Transactions on Information Science and Applications},
	volume    = {10},
	number    = {1},
	pages     = {1--13},
	year      = {2013}
}

@Article{Ref44,
	author    = {H. Nguyen and M. Vai},
	title     = {Rapid prototyping technology},
	journal   = {Lincoln Laboratory Journal},
	volume    = {18},
	number    = {2},
	pages     = {17--27},
	year      = {2010}
}

@Manual{Ref45,
	author    = {{Espressif Systems}},
	title     = {Wi-Fi APIs — ESP-IDF Programming Guide},
	year      = {2025},
	note      = {[Online]. Available: \url{https://docs.espressif.com/projects/esp-idf/en/stable/esp32/api-guides/wifi.html} [Accessed: May 28, 2025]}
}

@Manual{Ref46,
	author    = {Silicon Labs},
	title     = {CP210x USB-to-UART Bridge VCP Drivers},
	year      = {2021},
	note      = {[Online]. Available: \url{https://www.silabs.com/developers/usb-to-uart-bridge-vcp-drivers}}
}

@Misc{Ref47,
	author    = {T. Dziuba},
	title     = {django-sslserver},
	year      = {2024},
	note      = {[Online]. Available: \url{https://github.com/teddziuba/django-sslserver}}
}

@Misc{Ref48,
	author    = {F. Burelli},
	title     = {mkcert: A simple tool for making locally-trusted development certificates},
	year      = {2024},
	note      = {[Online]. Available: \url{https://mkcert.org}}
}

@Misc{Ref49,
	author    = {T. Karma},
	title     = {ESP32\_WiFiClientSecure},
	year      = {2022},
	note      = {[Online]. Available: \url{https://github.com/tuan-karma/ESP32_WiFiClientSecure}}
}

@Manual{Ref50,
	author    = {Arduino},
	title     = {HTTPClient Library — Arduino Reference},
	year      = {2024},
	note      = {[Online]. Available: \url{https://docs.arduino.cc/libraries/httpclient/}}
}

@Misc{Ref51,
	author       = {Flipper Devices Inc.},
	title        = {Flipper Zero Documentation},
	howpublished = {\url{https://docs.flipper.net}},
	year         = {2025},
	note         = {[Accessed: Jun. 5, 2025]}
}



@Misc{Ref52,
	author    = {B. Gómez},
	title     = {accesscontrol\_server},
	year      = {2025},
	note      = {[Online]. Available: \url{https://github.com/Brais202/accesscontrol_server}}
}

@Misc{Ref53,
	author    = {B. Gómez},
	title     = {Arduino\_mfrc522},
	year      = {2025},
	note      = {[Online]. Available: \url{https://github.com/Brais202/Arduino_mfrc522}}
}

@InProceedings{Ref54,
	author    = {N. A. Chattha},
	title     = {NFC — Vulnerabilities and defense},
	booktitle = {2014 Conference on Information Assurance and Cyber Security (CIACS)},
	address   = {Rawalpindi, Pakistan},
	pages     = {35--38},
	year      = {2014},
	doi       = {10.1109/CIACS.2014.6861328}
}

@InProceedings{Ref55,
	author    = {F. D. Garcia and G. de Koning Gans and R. Verdult},
	title     = {Tutorial: Proxmark, the swiss army knife for RFID security research},
	booktitle = {Proc. of the 5th USENIX Workshop on Offensive Technologies (WOOT '11)},
	address   = {San Francisco, CA, USA},
	year      = {2011},
	note      = {[Online]. Available: \url{https://www.usenix.org/conference/woot11/workshop-program/presentation/Garcia}}
}

@Online{Ref56,
	author    = {J. Beningo},
	title     = {Cómo usar TrustZone para asegurar los dispositivos de IoT con un mínimo de complejidad y costo de hardware},
	year      = {2020},
	note      = {[Online]. Available: \url{https://www.digikey.es/es/articles/how-to-use-trustzone-to-secure-iot-devices} [Accessed: Jun. 10, 2025]}
}

@Online{Ref57,
	author    = {{Android Developers}},
	title     = {BiometricPrompt},
	year      = {2025},
	note      = {[Online]. Available: \url{https://developer.android.com/reference/android/hardware/biometrics/BiometricPrompt} [Accessed: Jun. 10, 2025]}
}

@Online{Ref58,
	author    = {{Docker}},
	title     = {How to Dockerize a Django App},
	year      = {2020},
	month     = mar,
	note      = {[Online]. Available: \url{https://www.docker.com/blog/how-to-dockerize-django-app/} [Accessed: Jun. 10, 2025]}
}

@Article{Ref59,
	author    = {R. A. D. Tagle},
	title     = {Machine Learning Integration for Real-time Fraud Detection in Near Field Communication (NFC) Card Transactions},
	journal   = {VMC Analytiks Multidisciplinary Journal},
	volume    = {1},
	number    = {1},
	pages     = {1--10},
	year      = {2024},
	note      = {[Online]. Available: \url{https://www.researchgate.net/publication/387295975} [Accessed: Jun. 10, 2025]}
}

@Manual{Ref60,
	author    = {{Universidade da Coruña}},
	title     = {Obteñción do custo dun contrato asociado á unha actividade investigadora},
	year      = {2025},
	note      = {[Online]. Available: \url{https://artesa.udc.gal/calculadoraContratos/CalcularContrato} [Accessed: Jun. 11, 2025]}
}

@Online{Ref61,
	author    = {J. Fernández García},
	title     = {Model-View-Controller (MVC) Architecture},
	year      = {2025},
	note      = {[En línea]. Disponible en: \url{https://d1wqtxts1xzle7.cloudfront.net/50526307/MVC-libre.pdf} [Accedido: 11-jun-2025]}
}

@Online{Ref62,
	title     = {A thin client does most of its processing on a central server...},
	year      = {2025},
	note      = {[En línea]. Disponible en: \url{https://www.in-serviziit.it/Definizioni/Thin-Client.pdf} [Accedido: 12-jun-2025]}
}

@Article{Ref63,
	author    = {G. Jain and S. Dahiya},
	title     = {NFC: Advantages, Limits and Future Scope},
	journal   = {International Journal on Cybernetics \& Informatics},
	volume    = {4},
	number    = {4},
	pages     = {1--6},
	month     = aug,
	year      = {2015}
}

@TechReport{Ref64,
	author    = {{Rohde \& Schwarz}},
	title     = {NFC Technology and Measurements},
	institution = {Application Note 1MA182\_5E},
	year      = {2025},
	pages     = {1--2}
}

@Standard{Ref65,
	title     = {ISO/IEC 14443: Identification cards — Contactless integrated circuit cards — Proximity cards — Parts 1–4},
	organization = {International Organization for Standardization},
	year      = {2008}
}

@Online{Ref66,
	author    = {{Thales}},
	title     = {ISO 14443 contactless card standard},
	year      = {2025},
	note      = {[Online]. Available: \url{https://www.thalesgroup.com}}
}

@Online{Ref67,
	author    = {{Seikor RFID}},
	title     = {RFID Standards Comparison: ISO 15693 vs. ISO 14443},
	year      = {2025},
	note      = {[Online]. Available: \url{https://www.seikorrfid.com}}
}

@Online{Ref68,
	author    = {{CardWerk}},
	title     = {ISO7816-4 Section 5: APDU level data structures},
	year      = {2025},
	note      = {[Online]. Available: \url{https://www.cardwerk.com}}
}

@Article{Ref69,
	author    = {P. Onumadu and H. Abroshan},
	title     = {Near-Field Communication (NFC) Cyber Threats and Mitigation Solutions in Payment Transactions: A Review},
	journal   = {Sensors},
	volume    = {24},
	number    = {23},
	pages     = {7423},
	year      = {2024}
}

@InCollection{Ref70,
	author    = {G. de Koning Gans and J.-H. Hoepman and F. D. Garcia},
	title     = {A Practical Attack on the MIFARE Classic},
	booktitle = {Proc. 8th Smart Card Research and Advanced Application Conf. (CARDIS)},
	publisher = {Springer},
	volume    = {5189},
	pages     = {267--282},
	year      = {2008},
	note      = {[Online]. Available: \url{https://link.springer.com/chapter/10.1007/978-3-642-12510-2_18} [Accessed: Jun. 13, 2025]}
}

@Book{Ref71,
	author    = {R. Kainz and R. Rabensteiner},
	title     = {Handbook of RFID Security},
	publisher = {CRC Press},
	address   = {Boca Raton, FL},
	year      = {2011},
	chapter   = {4},
	pages     = {85--102}
}

@Online{Ref72,
	author    = {J. Monteiro and J. J. P. C. Rodrigues and M. H. Islam and A. Ahmad and A. R. Silva},
	title     = {A hybrid NFC--Bluetooth peer-to-peer mobile application for credit transfer},
	year      = {2025},
	note      = {[Online]. Available: \url{https://www.academia.edu/26494758} [Accessed: 13-Jun-2025]}
}

@Online{Ref73,
	author    = {I. Gurulian et al.},
	title     = {When Theory and Reality Collide: Demystifying the Effectiveness of Ambient Sensing for NFC-based Proximity Detection by Applying Relay Attack Data},
	year      = {2016},
	note      = {[Online]. Available: \url{https://arxiv.org/abs/1605.00425} [Accessed: 13-Jun-2025]}
}

@Article{Ref74,
	author    = {P. Madlmayr and J. Langer and C. Kantner and M. Scharinger},
	title     = {A Survey on Near Field Communication},
	journal   = {EAI Endorsed Transactions on Mobile Communications and Applications},
	year      = {2014},
	note      = {[Online]. Available: PMC}
}

@Online{Ref75,
	author    = {{HID Global}},
	title     = {HID\textsuperscript{\textregistered} multiCLASS SE\textsuperscript{\textregistered} RK40},
	year      = {2025},
	note      = {[Online]. Available: \url{https://www.hidglobal.com/products/rk40} [Accessed: 13-Jun-2025]}
}

@Standard{Ref76,
	organization = {OASIS},
	title     = {PKCS \#11 Cryptographic Token Interface Base Specification Version 2.40},
	year      = {2015},
	note      = {[Online]. Available: \url{https://docs.oasis-open.org/pkcs11/pkcs11-base/v2.40/os/pkcs11-base-v2.40-os.html}}
}

@Article{Ref77,
	author    = {D. G. Berbecaru and A. Lioy},
	title     = {An evaluation of X.509 certificate revocation and related privacy issues in the Web PKI ecosystem},
	journal   = {IEEE Access},
	volume    = {PP},
	number    = {99},
	year      = {2023},
	doi       = {10.1109/ACCESS.2023.3299357}
}

@InProceedings{Ref78,
	author    = {M. Durumeric and Z. Ma and D. Springall and R. Barnes and N. Sullivan and E. Bursztein and M. Bailey and J. A. Halderman and V. Paxson},
	title     = {Neither snow nor rain nor MITM...: An empirical analysis of email delivery security},
	booktitle = {Proc. ACM Internet Measurement Conference (IMC)},
	year      = {2015},
	doi       = {10.1145/2815675.2815695}
}

@InCollection{Ref79,
	author    = {G. de Koning Gans and J.-H. Hoepman and F. D. Garcia},
	title     = {A Practical Attack on the MIFARE Classic},
	booktitle = {Proc. of the 8th Smart Card Research and Advanced Application Workshop (CARDIS)},
	year      = {2008}
}

@InProceedings{Ref80,
	author    = {B. Benyó and A. Vilmos and K. Kovacs and L. Kutor},
	title     = {NFC applications and business model of the ecosystem},
	booktitle = {Proc. Smart Card Research and Advanced Applications Workshop (CARDIS)},
	pages     = {95--101},
	year      = {2008}
}

@Online{Ref81,
	author    = {{YouCard Kartensysteme GmbH}},
	title     = {RFID chip cards MIFARE Classic EV1 4K},
	year      = {2025},
	note      = {[Online]. Available: \url{https://www.youcard24.de/en/rfid-chip-cards-mifare-classic-ev1-4k.html} [Accessed: Jun. 16, 2025]}
}

@Online{Ref82,
	author    = {{Infineon Technologies AG}},
	title     = {Secured NFC Tags – OPTIGA Authenticate NFC},
	year      = {2025},
	note      = {[Online]. Available: \url{https://www.infineon.com/cms/en/product/security-smart-card-solutions/optiga-embedded-security-solutions/optiga-authenticate-nfc-solutions/secured-nfc-tags/?utm_source=chatgpt.com} [Accessed: Jun. 17, 2025]}
}

@InProceedings{Ref83,
	author    = {G. Chakraborty and S. Kaleem},
	title     = {Biometric access control using Near Field Communication and smart phones},
	booktitle = {Proc. IEEE International Conference on Communications (ICC)},
	year      = {2012},
	note      = {[Online]. Available: \url{https://ieeexplore.ieee.org/document/6364334} [Accessed: Jun. 18, 2025]}
}

@Online{Ref84,
	author    = {{Seritag}},
	title     = {NXP launch the NTAG 424 DNA authentication NFC chip},
	year      = {2018},
	month     = sep,
	note      = {[Online]. Available: \url{https://seritag.com/news/nxp-launch-the-ntag-424-dna-authentication-nfc-chip} [Accessed: Jun. 18, 2025]}
}
